@inproceedings{liu2006video,
  title={Video retargeting: automating pan and scan},
  author={Liu, Feng and Gleicher, Michael},
  booktitle={Proceedings of the 14th ACM international conference on Multimedia},
  pages={241--250},
  year={2006}
}

@Inbook{Arntzen2018,
author="Arntzen, Ingar M.
and Borch, Nj{\aa}l T.
and Daoust, Fran{\c{c}}ois",
editor="Montagud, Mario
and Cesar, Pablo
and Boronat, Fernando
and Jansen, Jack",
title="Media Synchronization on the Web",
bookTitle="MediaSync: Handbook on Multimedia Synchronization",
year="2018",
publisher="Springer International Publishing",
address="Cham",
pages="475--504",
isbn="978-3-319-65840-7",
doi="10.1007/978-3-319-65840-7_17",
url="https://doi.org/10.1007/978-3-319-65840-7_17"
}


@inproceedings{sequencer,
author = {Arntzen, Ingar M. and Borch, Nj\r{a}l T.},
title = {Data-Independent Sequencing with the Timing Object: A JavaScript Sequencer for Single-Device and Multi-Device Web Media},
year = {2016},
isbn = {9781450342971},
publisher = {Association for Computing Machinery},
address = {New York, NY, USA},
url = {https://doi.org/10.1145/2910017.2910614},
doi = {10.1145/2910017.2910614},
booktitle = {Proceedings of the 7th International Conference on Multimedia Systems},
articleno = {24},
numpages = {10},
keywords = {multi-device, multimedia, distributed, sequencing, inter-destination media synchronization, timed data, timed visualization, intra-destination media synchronization, media synchronization, timing object, web},
location = {Klagenfurt, Austria},
series = {MMSys '16}
}

 @INPROCEEDINGS{8712670,
 author={Hannuksela, Miska M. and Wang, Ye-Kui and Hourunranta, Ari},
 booktitle={2019 Data Compression Conference (DCC)},
 title={An Overview of the OMAF Standard for 360° Video},
 year={2019},
 volume={},
 number={},
 pages={418-427},
 doi={10.1109/DCC.2019.00050}}

@inproceedings{JIT_video,
author = {Jansen, Jack and Cesar, Pablo and Laiola Guimarães, Rodrigo and Bulterman, Dick},
year = {2012},
month = {09},
pages = {},
title = {Just-in-time personalized video presentations},
journal = {DocEng 2012 - Proceedings of the 2012 ACM Symposium on Document Engineering},
doi = {10.1145/2361354.2361368}
}

@ARTICLE{8352916,
 author={Cox, Jasmine and Brooks, Matthew and Forrester, Ian and Armstrong, Mike},
 journal={SMPTE Motion Imaging Journal},
 title={Moving Object-Based Media Production from One-Off Examples to Scalable
 Workflows},
 year={2018},
 volume={127},
 number={4},
 pages={32-37},
 doi={10.5594/JMI.2018.2806499}}

@article{paulus2019source,
 author={paulus, jouni and  torcoli, matteo and  uhle, christian and  herre, jürgen and  disch, sascha and  fuchs, harald},
 journal={journal of the audio engineering society},
 title={source separation for enabling dialogue enhancement in object-based broadcast with mpeg-h},
 year={2019},
 volume={67},
 number={7/8},
 pages={510-521},
 doi={https://doi.org/10.17743/jaes.2019.0032},
 month={july}
}

@inproceedings{10.1145/3343031.3350582,
author = {Wijnants, Maarten and Coppers, Sven and Rovelo Ruiz, Gustavo and Quax, Peter and Lamotte, Wim},
title = {Split &amp; Dual Screen Comparison of Classic vs Object-Based Video},
year = {2019},
isbn = {9781450368896},
publisher = {Association for Computing Machinery},
address = {New York, NY, USA},
url = {https://doi.org/10.1145/3343031.3350582},
doi = {10.1145/3343031.3350582},
booktitle = {Proceedings of the 27th ACM International Conference on Multimedia},
pages = {1035–1037},
numpages = {3},
keywords = {mpeg-dash, video coding, http adaptive streaming, subjective evaluation, web, h.264},
location = {Nice, France},
series = {MM '19}
}

@article{yeung2020delivering,
  title={Delivering Object-based Immersive Media Experiences in Sports},
  author={Yeung, Fai and Salahieh, Basel and Loza, Kimberly and Jayaram, Sankar and Boyce, Jill},
  journal={ITU Journal: ICT Discoveries},
  volume={2020},
  number={1},
  pages={1--8},
  year={2020},
  publisher={ITU}
}

@article{eyetracking,
  title={The cognitive effectiveness of subtitle processing},
  author={Perego, Elisa and Del Missier, Fabio and Porta, Marco and Mosconi, Mauro},
  journal={Media psychology},
  volume={13},
  number={3},
  pages={243--272},
  year={2010},
  publisher={Taylor \& Francis}
}

@inproceedings{10.1145/3209280.3209528,
author = {Jansen, Jack and Cesar, Pablo and Bulterman, Dick},
title = {Workflow Support for Live Object-Based Broadcasting},
year = {2018},
isbn = {9781450357692},
publisher = {Association for Computing Machinery},
address = {New York, NY, USA},
url = {https://doi.org/10.1145/3209280.3209528},
doi = {10.1145/3209280.3209528},
booktitle = {Proceedings of the ACM Symposium on Document Engineering 2018},
articleno = {10},
numpages = {10},
keywords = {Object based video, Declarative languages},
location = {Halifax, NS, Canada},
series = {DocEng '18}
}

@techreport{timingobject,
  title={Timing Object},
  author={Ingar M. Arntzen (Norut), François Daoust (W3C), Njål Borch (Norut)},
  institution={W3C WebTiming community group},
  url={https://webtiming.github.io/timingobject/}
}

@misc{adobe_premiere,
 title={Premiere Pro auto-reframe},
 author={Adobe},
 url={https://helpx.adobe.com/no/premiere-pro/using/auto-reframe.html}
}

@misc{kamua,
 title={https://kamua.com/},
 author={Kamua}
}

@misc{mediapipe,
  title={Mediapipe: https://mediapipe.dev},
  author={Google},
  url={https://mediapipe.dev/}
}

@misc{inMotion,
  title={inMotion: https://motioncorporation.com},
  author={Motion Corporation},
  url={https://motioncorporation.com/}
}

@misc{clarifai,
  title={https://clarifai.com},
  author={Clarifai},
  url={https://clarifai.com/}
}

@misc{ai_sports,
 title={IQ Sports producer: https://www.iqvideosolutions.com/products/iqsportsproducer/},
 author={IQ Video Solutions}
 }

@techreport{rotation,
 title={How Do Mobile Video Viewers Hold Their Phone?},
 institution={ScientiaMobile},
 author={}
 }

@techreport{hootsuite,
title={DIGITAL 2021: Global overview report},
institution={Datareportal},
author={Simon Kemp}
}
