@inproceedings{inproceedings,
author = {Jansen, Jack and Cesar, Pablo and Laiola Guimar√£es, Rodrigo and Bulterman, Dick},
year = {2012},
month = {09},
pages = {},
title = {Just-in-time personalized video presentations},
journal = {DocEng 2012 - Proceedings of the 2012 ACM Symposium on Document Engineering},
doi = {10.1145/2361354.2361368}
}